%% -- nips 2014 pose estimation --
@article{nips14pose,
  author    = {Xianjie Chen and
               Alan L. Yuille},
  title     = {Articulated Pose Estimation by a Graphical Model with Image Dependent
               Pairwise Relations},
  journal   = {CoRR},
  volume    = {abs/1407.3399},
  year      = {2014},
  timestamp = {Fri, 01 Aug 2014 13:50:01 +0200},
  bibsource = {dblp computer science bibliography, http://dblp.org}
}

@article{nips14cnn,
  author    = {Jonathan Tompson and
               Arjun Jain and
               Yann LeCun and
               Christoph Bregler},
  title     = {Joint Training of a Convolutional Network and a Graphical Model for
               Human Pose Estimation},
  journal   = {CoRR},
  volume    = {abs/1406.2984},
  year      = {2014},
  url       = {http://arxiv.org/abs/1406.2984},
  timestamp = {Tue, 01 Jul 2014 11:58:08 +0200},
  biburl    = {http://dblp.uni-trier.de/rec/bib/journals/corr/TompsonJLB14},
  bibsource = {dblp computer science bibliography, http://dblp.org}
}




@inproceedings{burenius20133d,
  title={3d pictorial structures for multiple view articulated pose estimation},
  author={Burenius, Magnus and Sullivan, Josephine and Carlsson, Stefan},
  booktitle={IEEE Conference on Computer Vision Pattern Recognition},
  pages={3618--3625},
  year={2013},
}

@article{shotton2013real,
  title={Real-time human pose recognition in parts from single depth images},
  author={Shotton, Jamie and Sharp, Toby and Kipman, Alex and Fitzgibbon, Andrew and Finocchio, Mark and Blake, Andrew and Cook, Mat and Moore, Richard},
  journal={Communications of the ACM},
  pages={116--124},
  year={2013},
  publisher={ACM}
}

@INPROCEEDINGS{xm,
  author = {Jing Wang and Zhong-Qiu Zhao and Xuegang Hu and Yiu-ming Cheung and Meng Wang and Xindong Wu},
  title = {Online Group Feature Selection},
  booktitle = {International Joint Conference on Artificial Intelligence},
  year = {2013},
}

@inproceedings{face,
  title={Towards Large-population Face Identification in Unconstrained Videos},
  author={Liu, Luoqi and Zhang, Li and Liu, Hairong and Yan, Shuicheng},
  booktitle = {IEEE Transactions on Circuits and Systems for Video Technology},
  pages={1},
  year={2014},
}

%% ---cvpr 2014 papers, iccv later---
@article{deeppose,
  author    = {Alexander Toshev and
               Christian Szegedy},
  title     = {DeepPose: Human Pose Estimation via Deep Neural Networks},
  booktitle = {IEEE Conference on Computer Vision Pattern Recognition},
  year      = {2014},
}

@article{CNNpose,
  author    = {Arjun Jain and
               Jonathan Tompson and
               Mykhaylo Andriluka and
               Graham W. Taylor and
               Christoph Bregler},
  title     = {Learning Human Pose Estimation Features with Convolutional
               Networks},
  journal   = {CoRR},
  year      = {2013},
}

@inproceedings{mixing,
    title = {Mixing Body-Part Sequences for Human Pose Estimation},
    author = {Cherian, Anoop and Mairal, Julien and Alahari, Karteek and Schmid, Cordelia},
    booktitle = {IEEE Conference on Computer Vision Pattern Recognition},
    year = {2014}
}


@INPROCEEDINGS{ics14cvpr,
  author = {Catalin Ionescu and Joao Carreira and Cristian Sminchisescu},
  title = {Iterated Second-Order Label Sensitive Pooling for 3D Human Pose Estimation},
  booktitle = {IEEE Conference on Computer Vision Pattern Recognition},
  year = {2014},
}

@inproceedings{andriluka14benchmark,
  title = {Human Pose Estimation: New Benchmark and State of the Art Analysis},
  author = {Andriluka, Mykhaylo and Pishchulin, Leonid and Gehler, Peter and Schiele, Bernt},
  booktitle = { IEEE Conference on Computer Vision and Pattern Recognition},
  year = {2014}
}


% This file was created with JabRef 2.6.

%% ---online code---
@misc{cvpr09-code,
  author = {Mykhaylo Andriluka and Stefan Roth and Bernt Schiele},
  title = {Pictorial structures revisited: People detection and articulated
    pose estimation, online code},
  howpublished = {\url{http://www.d2.mpi-inf.mpg.de/node/381}},
}

@misc{eccv10-code,
  title = {Cascaded models for articulated pose estimation, online code},
  author = {Benjamin Sapp and Alexander Toshev and Ben Taskar},
  howpublished = {\url{http://vision.grasp.upenn.edu/cgi-bin/index.php?n=VideoLearning.CascadedPictorialStructuresCode}},
}

@misc{deva11-code,
  title = {Articulated pose estimation with flexible mixture-of-parts, online code},
  author = {Yi Yang and Deva Ramanan},
  howpublished = {\url{http://phoenix.ics.uci.edu/software/pose}},
}

@misc{multiclass-code,
  title = {SVM multiclass, online code},
  author = {Thorsten Joachims},
  howpublished = {{svmlight.joachims.org/svm\_multiclass.html}},
}

%% ----cloth----
@INPROCEEDINGS{tam,
  author = {Tam V. Nguyen and Si Liu and Bingbing Ni and Jun Tan and Yong Rui and Shuicheng Yan},
  title = {Sense beauty via face, dressing, and/or voice},
  booktitle = {ACM Multimedia Conference},
  year = {2012},
  pages = {239--248},
}


@INPROCEEDINGS{cloth06,
  author = {Hong Chen and Zi Jian Xu and Zi Qiang Liu and Song Chun Zhu},
  title = {Composite Templates for Cloth Modeling and Sketching},
  booktitle = {IEEE Conference on Computer Vision and Pattern Recognition},
  year = {2006},
  pages = {943--950},
}

@INPROCEEDINGS{clothiccv,
  author = {L. Bourdev and S. Maji and J. Malik},
  title = {Describing people: Poselet-based attribute classification},
  booktitle = {IEEE International Conference on Computer Vision},
  year = {2011},
  pages = {1543--1550}
}

@INPROCEEDINGS{cloth12,
  author = {Kota Yamaguchi and M. Hadi Kiapour and Luis E. Ortiz and Tamara L. Berg},
  title = {You Are What You Wear: Parsing Clothing in Fashion Photos},
  booktitle = {IEEE Conference on Computer Vision and Pattern Recognition},
  year = {2012},
  pages = {3570--3577},
}

@INPROCEEDINGS{clothliu,
  author = {Si Liu and Zheng Song and Guangcan Liu and Changsheng Xu and Hanqing Lu and Shuicheng Yan},
  title = {Street-to-Shop: Cross-Scenario Clothing Retrieval via Parts Alignment and Auxiliary Set},
  booktitle = {IEEE Conference on Computer Vision and Pattern Recognition},
  year = {2012},
  pages = {3330--3337},
}

@INPROCEEDINGS{clotheccv,
  author = {Huizhong Chen and Andrew Gallagher and Bernd Girod},
  title = {Describing Clothing by Semantic Attributes},
  booktitle = {European Conference on Computer Vision},
  pages = {609-623},
  year = {2012}
}

@INPROCEEDINGS{cloth08,
  author = {Andrew C.Gallagher and Tsuhan Chen},
  title = {Clothing Cosegmentation for recognizing people},
  booktitle = {IEEE Conference on Computer Vision and Pattern Recognition},
  year = {2008},
  owner = {JieShen},
  timestamp = {2012.06.21}
}

@INPROCEEDINGS{clothseg1,
  author = {B. Hasan and D. Hogg},
  title = {Segmentation using deformable spatial priors with application to clothing},
  booktitle = {British Machine Vision Conference},
  year = {2010},
  pages = {1--11},
  owner = {JieShen},
  timestamp = {2012.10.17}
}

@INPROCEEDINGS{clothseg2,
  author = {N. Wang and H. Ai},
  title = {Who blocks who: Simultaneous clothing segmentation for grouping images},
  booktitle = {IEEE International Conference on Computer Vision},
  year = {2011},
  pages = {1535--1542},
  owner = {JieShen},
  timestamp = {2012.10.17}
}

@INPROCEEDINGS{clothsearch,
  author = {X. Wang and T. Zhang},
  title = {Clothes search in consumer photos via color matching and attribute learning},
  booktitle = { ACM Multimedia Conference},
  year = {2011},
  pages = {1353--1356}
}

@INPROCEEDINGS{clothrec,
  author    = {Si Liu and
               Jiashi Feng and
               Zheng Song and
               Tianzhu Zhang and
               Hanqing Lu and
               Changsheng Xu and
               Shuicheng Yan},
  title     = {Hi, magic closet, tell me what to wear!},
  booktitle = {ACM Multimedia Conference},
  year      = {2012},
  pages     = {619-628},
}

%%-----pose estimation-------
@article{shen2014unified,
  title={Unified Structured Learning for Simultaneous Human Pose Estimation and Garment Attribute Classification},
  author={Shen, Jie and Liu, Guangcan and Chen, Jia and Fang, Yuqiang and Xie, Jianbin and Yu, Yong and Yan, Shuicheng},
  journal={arXiv preprint arXiv:1404.4923},
  year={2014}
}

@INPROCEEDINGS{pose-eval,
  author = {N. Jammalamadaka and A. Zisserman and M. Eichner and V. Ferrari and C. V. Jawahar},
  title = {Has my Algorithm Succeeded An Evaluator for Human Pose Estimators},
  booktitle = {European Conference on Computer Vision},
  year = {2012},
  pages = {114--128}
}

@INPROCEEDINGS{pose-hie,
  author = {Yuandong Tian and C. Lawrence Zitnick and Srinivasa G. Narasimhan},
  title = {Exploring the spatial hierarchy of mixture models for human pose estimation},
  booktitle = {European Conference on Computer Vision},
  year = {2012},
  pages = {256--269}
}

@INPROCEEDINGS{pose-seg,
  author = {Ingmar Rauschert and Robert T. Collins},
  title = {A generative model for simultaneous estimation of human body shape and pixel-level segmentation},
  booktitle = {European Conference on Computer Vision},
  year = {2012},
  pages = {704--717}
}

@INPROCEEDINGS{bmvc09,
  author = {Marcin Eichner and Vittorio Ferrari},
  title = {Better appearance models for pictorial structures},
  booktitle = {British Machine Vision Conference},
  year = {2009},
  owner = {JieShen},
  timestamp = {2012.08.21}
}


@INPROCEEDINGS{cvpr09,
  author = {Mykhaylo Andriluka and Stefan Roth and Bernt Schiele},
  title = {Pictorial structures revisited: People detection and articulated
	pose estimation},
  booktitle = {IEEE Conference on Computer Vision and Pattern Recognition},
  year = {2009},
  pages = {1014--1021},
}


@ARTICLE{ijcv05,
  author = {Pedro F.Felzenszwalb and Daniel P.Huttenlocher},
  title = {Pictorial structures for object recognition},
  journal = {International Journal of Computer Vision},
  year = {2005},
  pages = {55--79},
}

@INPROCEEDINGS{fer08,
  author = {Vittorio Ferrari and Manuel Marin and Andrew Zisserman},
  title = {Progressive search space reduction for human pose estimation},
  booktitle = {IEEE Conference on Computer Vision and Pattern Recognition},
  year = {2008},
}

@INPROCEEDINGS{fer09,
  author = {Vittorio Ferrari and Manuel J. Marn-Jimnez and Andrew Zisserman},
  title = {Pose Search: {R}etrieving People using Their Pose},
  booktitle = {IEEE Conference on Computer Vision and Pattern Recognition},
  year = {2009},
  pages = {1--8}
}

@ARTICLE{ps1,
  author = {M. Fischler and R. Elschlager},
  title = {The representation and matching of pictorial structures},
  journal = {IEEE Transactions on Computers},
  year = {1973},
  pages = {67--92}
}

@ARTICLE{ps2,
  author = {P. Felzenszwalb and D. Huttenlocher},
  title = {Pictorial structures for object recognition},
  journal = {International Journal of Computer Vision},
  year = {2005},
  pages = {55--79}
}

@INPROCEEDINGS{nips06,
  author = {Deva Ramanan},
  title = {Learning to parse images of articulated bodies},
  booktitle = {Neural Information Processing Systems},
  year = {2006},
  pages = {1129--1136},
  owner = {JieShen},
  timestamp = {2012.02.04}
}

@INPROCEEDINGS{deva11,
  author = {Yi Yang and Deva Ramanan},
  title = {Articulated pose estimation with flexible mixture-of-parts},
  booktitle = {IEEE Conference on Computer Vision and Pattern Recognition},
  year = {2011},
  pages = {1385--1392},
  owner = {JieShen},
  timestamp = {2012.02.04}
}

@ARTICLE{dpm,
  author = {P. Felzenszwalb and R. B. Girshick and D. McAllester and Deva Ramanan},
  title = {Object detection with discriminatively trained part based models},
  journal = {IEEE Transactions on Pattern Analysis and Machine Intelligence},
  year = {2010},
  pages = {1627--1645}
}

@INPROCEEDINGS{songchun,
  author = {Brandon Rothrock and Seyoung Park and Song-Chun Zhu},
  title = {Integrating Grammar and Segmentation for Human Pose Estimation},
  booktitle = {IEEE Conference on Computer Vision and Pattern Recognition},
  year = {2013},
  pages = {3214--3221},
}

@INPROCEEDINGS{ladicky,
  author = {Lubor Ladicky and Philip H. S. Torr and Andrew Zisserman},
  title = {Human Pose Estimation Using a Joint Pixel-wise and Part-wise Formulation},
  booktitle = {IEEE Conference on Computer Vision and Pattern Recognition},
  year = {2013},
  pages = {3578--3585},
}


@INPROCEEDINGS{cvpr10,
  author = {Benjamin Sapp and Chris Jordan and Ben Taskar},
  title = {Adaptive pose priors for pictorial structures},
  booktitle = {IEEE Conference on Computer Vision and Pattern Recognition},
  year = {2010},
  pages = {422--429},
}

@INPROCEEDINGS{eccv10,
  author = {Benjamin Sapp and Alexander Toshev and Ben Taskar},
  title = {Cascaded models for articulated pose estimation},
  booktitle = {European Conference on Computer Vision},
  year = {2010},
  pages = {406--420},
}

@ARTICLE{bb,
  author = {Min Sun and Murali Telaprolu and Honglak Lee and Silvio Savarese},
  title = {Efficient and Exact MAP-MRF Inference using Branch and Bound},
  journal = {Journal of Machine Learning Research},
  year = {2012},
  pages = {1134--1142}
}

%% ---coupling---

@INPROCEEDINGS{coup-sparse,
  author = {Jianchao Yang and Zhaowen Wang and Zhe Lin and Xianbiao Shu and Thomas Huang},
  title = {Bilevel Sparse Coding for Coupled Feature Spaces},
  booktitle = {IEEE Conference on Computer Vision and Pattern Recognition},
  year = {2012}
}

@INPROCEEDINGS{coup-head,
  author = {Cheng Chen and Jean-Marc Odobez},
  title = {We are not Contortionists: Coupled Adaptive Learning for Head and Body Orientation Estimation in Surveillance Video},
  booktitle = {IEEE Conference on Computer Vision and Pattern Recognition},
  year = {2012}
}

@INPROCEEDINGS{mtl,
  author = {A. Argyrious and T. Evgeniou},
  title = {Multi-task feature learning},
  booktitle = {Neural Information Processing Systems},
  year = {2007}
}


%%----algorithm-----

@INPROCEEDINGS{pegasos,
  author    = {Shai Shalev-Shwartz and
               Yoram Singer and
               Nathan Srebro},
  title     = {Pegasos: Primal Estimated sub-GrAdient SOlver for SVM},
  booktitle = {International Conference on Machine Learning},
  year      = {2007},
  pages     = {807-814},
}

@ARTICLE{svm-struct,
  author = {Ioannis Tsochantaridis and Thorsten Joachims and Thomas Hofmann and
    Yasemin Altun},
  title = {Large margin methods for structured and interdependent output variables},
  journal = {Journal of Machine Learning Research},
  year = {2005},
  pages = {1453--1484},
}

@ARTICLE{crf,
  author    = {Charles A. Sutton and
               Andrew McCallum},
  title     = {An Introduction to Conditional Random Fields},
  journal   = {Foundations and Trends in Machine Learning},
  year      = {2012},
  pages     = {267-373},
}


@INPROCEEDINGS{hog,
  author = {Navneet Dalal and Bill Triggs},
  title = {Histograms of Oriented Gradients for Human Detection},
  booktitle = {IEEE Conference on Computer Vision and Pattern Recognition},
  year = {2005},
  owner = {JieShen},
  timestamp = {2012.05.30}
}

@ARTICLE{sift,
  author = {Lowe David},
  title = {Distinctive image features from scale-invariant keypoints},
  journal = {International Journal of Computer Vision},
  year = {2004},
  pages = {91--110},
}


@INPROCEEDINGS{lbp,
  author = {Timo Ojala and Matti Pietikainen and David Harwood},
  title = {Performance Evaluation of Texture Measures with Classification Based
    on Kullback Discrimination of Distributions},
  booktitle = {International Conference on Pattern Recognition},
  year = {1994},
}


@INPROCEEDINGS{grabcut,
  author = {Carsten Rother and Vladimir Kolmogorov and Andrew Blake},
  title = {Grabcut: interactive foreground extraction using iterated graph cuts},
  booktitle = {Annual Conference on Computer Graphics},
  year = {2004},
  pages = {309--314},
  owner = {JieShen},
  timestamp = {2012.02.04}
}

@inbook{shape-context,
    title = {Matching with Shape Contexts},
    booktitle = {Analysis and Statistics of Shapes},
    year = {2005},
    publisher = {Birkh{\"a}user},
    author = {Serge Belongie and Greg Mori and Jitendra Malik}
}

@ARTICLE{gpb,
    author = {Pablo Arbelaez and Michael Maire and Charless Fowlkes and Jitendra Malik},
    title = {Contour Detection and Hierarchical Image Segmentation},
    journal = {IEEE Transactions on Pattern Analysis and Machine Intelligence},
    year = {2011},
    pages = {898--916}
}

@ARTICLE{dt,
    author = {Pedro F. Felzenszwalb and Daniel P. Huttenlocher},
    title = {Distance Transforms of Sampled Functions},
    journal = {Theory of Computing},
    year = {2012},
    pages = {415--428}
}

@ARTICLE{sum-pro,
    author = {Frank R. Kschischang, Brendan J. Frey and Hans-Andrea Loeliger},
    title = {Factor graphs and the sum-product algorithm},
    journal = {IEEE Transactions on Information Theory},
    year = {2001},
    pages = {498--519}
}

@ARTICLE{liblinear,
    author = {Rong-En Fan and Kai-Wei Chang and Cho-Jui Hsieh and Xiang-Rui Wang and Chih-Jen Lin},
    title = {LIBLINEAR: A Library for Large Linear Classification},
    journal = {Journal of Machine Learning Research},
    year = {2008},
    pages = {1871--1874}
}

%---------misc--------%
@INPROCEEDINGS{action,
  author = {Jingen Liu and Benjamin Kuipers and Silvio Savarese},
  title = {Recognizing Human Actions by Attributes},
  booktitle = {IEEE Conference on Computer Vision and Pattern Recognition},
  year = {2011},
  pages = {3337--3344},
  owner = {JieShen},
  timestamp = {2012.10.15}
}

@INPROCEEDINGS{sdm,
  author = {Xuehan Xiong and Fernando De la Torre},
  title = {Supervised Descent Method and Its Applications to Face Alignment},
  booktitle = {IEEE Conference on Computer Vision and Pattern Recognition},
  year = {2013},
  pages = {532--539},
  owner = {JieShen}
}

@INPROCEEDINGS{p-track,
  author = {Mykhaylo Andriluka and Stefan Roth and Bernt Schiele},
  title = {People-tracking-by-detection and people-detection-by-tracking},
  booktitle = {IEEE Conference on Computer Vision and Pattern Recognition},
  year = {2008},
  owner = {JieShen},
  timestamp = {2012.02.04}
}

% background
@inproceedings{HCRF,
  author    = {Sy Bor Wang and
               Ariadna Quattoni and
               Louis{-}Philippe Morency and
               David Demirdjian and
               Trevor Darrell},
  title     = {Hidden Conditional Random Fields for Gesture Recognition},
  booktitle = {2006 {IEEE} Computer Society Conference on Computer Vision and Pattern
               Recognition {(CVPR} 2006), 17-22 June 2006, New York, NY, {USA}},
  pages     = {1521--1527},
  year      = {2006},
  crossref  = {DBLP:conf/cvpr/2006},
%  url       = {http://dx.doi.org/10.1109/CVPR.2006.132},
%  doi       = {10.1109/CVPR.2006.132},
  timestamp = {Tue, 25 Nov 2014 17:05:17 +0100},
  biburl    = {http://dblp.uni-trier.de/rec/bib/conf/cvpr/WangQMDD06},
  bibsource = {dblp computer science bibliography, http://dblp.org}
}

@inproceedings{dlglv,
  author    = {Slav Petrov and
               Dan Klein},
  title     = {Discriminative Log-Linear Grammars with Latent Variables},
  booktitle = {Advances in Neural Information Processing Systems 20, Proceedings
               of the Twenty-First Annual Conference on Neural Information Processing
               Systems, Vancouver, British Columbia, Canada, December 3-6, 2007},
  year      = {2007},
  crossref  = {DBLP:conf/nips/2007},
%  url       = {http://papers.nips.cc/paper/3337-discriminative-log-linear-grammars-with-latent-variables},
  timestamp = {Wed, 10 Dec 2014 18:26:25 +0100},
  biburl    = {http://dblp.uni-trier.de/rec/bib/conf/nips/PetrovK07},
  bibsource = {dblp computer science bibliography, http://dblp.org}
}

@article{CCP,
  author    = {Alan L. Yuille and
               Anand Rangarajan},
  title     = {The Concave-Convex Procedure},
  journal   = {Neural Computation},
  volume    = {15},
  number    = {4},
  pages     = {915--936},
  year      = {2003},
%  url       = {http://dx.doi.org/10.1162/08997660360581958},
%  doi       = {10.1162/08997660360581958},
  timestamp = {Thu, 17 Nov 2011 16:24:23 +0100},
  biburl    = {http://dblp.uni-trier.de/rec/bib/journals/neco/YuilleR03},
  bibsource = {dblp computer science bibliography, http://dblp.org}
}

@inproceedings{tcs,
  author    = {Ronan Collobert and
               Fabian H. Sinz and
               Jason Weston and
               L{\'{e}}on Bottou},
  title     = {Trading convexity for scalability},
  booktitle = {Machine Learning, Proceedings of the Twenty-Third International Conference
               {(ICML} 2006), Pittsburgh, Pennsylvania, USA, June 25-29, 2006},
  pages     = {201--208},
  year      = {2006},
  crossref  = {DBLP:conf/icml/2006},
%  url       = {http://doi.acm.org/10.1145/1143844.1143870},
%  doi       = {10.1145/1143844.1143870},
  timestamp = {Mon, 22 Oct 2007 13:47:35 +0200},
  biburl    = {http://dblp.uni-trier.de/rec/bib/conf/icml/CollobertSWB06},
  bibsource = {dblp computer science bibliography, http://dblp.org}
}

@INPROCEEDINGS{Vishwanathan05kernelmethods,
    author = {Alex Smola Vishwanathan and Alex J. Smola and S. V. N. Vishwanathan},
    title = {Kernel Methods for Missing Variables},
    booktitle = {In Proceedings of the Tenth International Workshop on Artificial Intelligence and Statistics},
    year = {2005},
    pages = {325--332}
}

@inproceedings{llsvm,
  author    = {Chun{-}Nam John Yu and
               Thorsten Joachims},
  title     = {Learning structural SVMs with latent variables},
  booktitle = {Proceedings of the 26th Annual International Conference on Machine
               Learning, {ICML} 2009, Montreal, Quebec, Canada, June 14-18, 2009},
  pages     = {1169--1176},
  year      = {2009},
  crossref  = {DBLP:conf/icml/2009},
%  url       = {http://doi.acm.org/10.1145/1553374.1553523},
%  doi       = {10.1145/1553374.1553523},
  timestamp = {Mon, 29 Sep 2014 17:13:49 +0200},
  biburl    = {http://dblp.uni-trier.de/rec/bib/conf/icml/YuJ09},
  bibsource = {dblp computer science bibliography, http://dblp.org}
}

@inproceedings{boundSE,
  author    = {Olivier Chapelle and
               Chuong B. Do and
               Quoc V. Le and
               Alexander J. Smola and
               Choon Hui Teo},
  title     = {Tighter Bounds for Structured Estimation},
  booktitle = {Advances in Neural Information Processing Systems 21, Proceedings
               of the Twenty-Second Annual Conference on Neural Information Processing
               Systems, Vancouver, British Columbia, Canada, December 8-11, 2008},
  pages     = {281--288},
  year      = {2008},
  crossref  = {DBLP:conf/nips/2008},
%  url       = {http://papers.nips.cc/paper/3451-tighter-bounds-for-structured-estimation},
%  timestamp = {Wed, 10 Dec 2014 18:26:19 +0100},
  biburl    = {http://dblp.uni-trier.de/rec/bib/conf/nips/ChapelleDLST08},
  bibsource = {dblp computer science bibliography, http://dblp.org}
}

@inproceedings{muldpm,
  author    = {Pedro F. Felzenszwalb and
               David A. McAllester and
               Deva Ramanan},
  title     = {A discriminatively trained, multiscale, deformable part model},
  booktitle = {2008 {IEEE} Computer Society Conference on Computer Vision and Pattern
               Recognition {(CVPR} 2008), 24-26 June 2008, Anchorage, Alaska, {USA}},
  year      = {2008},
  crossref  = {DBLP:conf/cvpr/2008},
%  url       = {http://dx.doi.org/10.1109/CVPR.2008.4587597},
%  doi       = {10.1109/CVPR.2008.4587597},
  timestamp = {Tue, 25 Nov 2014 17:05:17 +0100},
  biburl    = {http://dblp.uni-trier.de/rec/bib/conf/cvpr/FelzenszwalbMR08},
  bibsource = {dblp computer science bibliography, http://dblp.org}
}

@inproceedings{maxHCRF,
  author    = {Yang Wang and
               Greg Mori},
  title     = {Max-margin hidden conditional random fields for human action recognition},
  booktitle = {2009 {IEEE} Computer Society Conference on Computer Vision and Pattern
               Recognition {(CVPR} 2009), 20-25 June 2009, Miami, Florida, {USA}},
  pages     = {872--879},
  year      = {2009},
  crossref  = {DBLP:conf/cvpr/2009},
%  url       = {http://dx.doi.org/10.1109/CVPRW.2009.5206709},
%  doi       = {10.1109/CVPRW.2009.5206709},
  timestamp = {Tue, 25 Nov 2014 17:05:17 +0100},
  biburl    = {http://dblp.uni-trier.de/rec/bib/conf/cvpr/WangM09},
  bibsource = {dblp computer science bibliography, http://dblp.org}
}

@inproceedings{hsc,
  author    = {Xiaofeng Ren and
               Deva Ramanan},
  title     = {Histograms of Sparse Codes for Object Detection},
  booktitle = {2013 {IEEE} Conference on Computer Vision and Pattern Recognition,
               Portland, OR, USA, June 23-28, 2013},
  pages     = {3246--3253},
  year      = {2013},
  crossref  = {DBLP:conf/cvpr/2013},
%  url       = {http://dx.doi.org/10.1109/CVPR.2013.417},
%  doi       = {10.1109/CVPR.2013.417},
  timestamp = {Thu, 31 Jul 2014 17:22:01 +0200},
  biburl    = {http://dblp.uni-trier.de/rec/bib/conf/cvpr/RenR13},
  bibsource = {dblp computer science bibliography, http://dblp.org}
}
